=LDR  03923cas a2200925 i 4500
=001  019248055
=003  Uk
=005  20230327095425.0
=006  m\\\\\\\\d\|||||||
=007  cr\|||||||||||
=008  190208c20139999sz\qr\p\\\\\\\0\\\b0eng\\
=FMT  \\$a  SE
=022  \\$a2296-536X
=040  \\$aUk$beng$cUk$erda
=042  \\$aukblsr
=082  04$a616.5$223
=222  \0$aKarger Kompass. Dermatologie$b(Internet)
=245  00$aKarger Kompass.$pDermatologie.
=246  30$aDermatologie
=246  1\$iMinor title change:$aKompass.$pDermatologie,$f2020-
=264  \1$aFreiburg, Deutschland :$bS. Karger GmbH,$c2013-
=310  \\$aQuarterly
=336  \\$atext$2rdacontent
=337  \\$acomputer$2rdamedia
=338  \\$aonline resource$2rdacarrier
=362  0\$aVol. 1, no. 1 (2013)-
=500  \\$aTitle from contents page (Karger.com, viewed March 16, 2020).
=588  \\$aLatest issue consulted: volume 8, issue 3 (2020) (www.karger.com, viewed November 5, 2020).
=540  \\$aCurrent copyright fee: GBP35.00$c24\0$5Uk
=650  \0$aDermatology$vPeriodicals.
=776  08$iAlso issued in print as:$tKarger Kompass. Dermatologie$x2296-5424
=856  40$uhttps://www.karger.com/Journal/Home/261191
=856  40$31850-9999$uhttp://www.karger.com/$xBLDSS
=859  \\$aXLD$bejournal$cSFX
=852  \\$aBritish Library$bDSC$j5085.835010$3Volume 8:Issue 1(2020)-Volume 10:Issue 4(2022)***Perpetual access from Vol 1 (2013)
=945  \\$aKarger Kompass Dermatologie
=959  \\$fCurrently available
=979  \\$aBritish Library$bDSC$j5085.835010
=985  \\$a3rd party access title for Remote supply please retain as base record when merging/deleting
=CAT  \\$a5552$b40$c20190208$lBLL01$h1343
=CAT  \\$aBLDSS-3PM$b00$c20190212$lBLL01$h1627
=CAT  \\$aBATCH-UPD$b00$c20190212$lBLL01$h1630
=CAT  \\$aBATCH-UPD$b00$c20190829$lBLL01$h1538
=CAT  \\$aIPL-CLA$c20190930$lBLL01$h1659
=CAT  \\$a12654$b40$c20200116$lBLL01$h0915
=CAT  \\$aBATCH-UPD$b40$c20200219$lBLL01$h1520
=CAT  \\$a10806$b40$c20200316$lBLL01$h1339
=CAT  \\$a10806$b40$c20200316$lBLL01$h1355
=CAT  \\$aIPL-CLA$c20200331$lBLL01$h1639
=CAT  \\$aBATCH-UPD$b00$c20200522$lBLL01$h1505
=CAT  \\$aIPL-CLA$c20200701$lBLL01$h0125
=CAT  \\$a10806$b40$c20201103$lBLL01$h1309
=CAT  \\$a10806$b40$c20201105$lBLL01$h0934
=CAT  \\$a8055$b40$c20201106$lBLL01$h1410
=CAT  \\$aBATCH-UPD$b40$c20201126$lBLL01$h1124
=CAT  \\$aIPL-CLA$c20201231$lBLL01$h1534
=CAT  \\$aBATCH-UPD$b00$c20210226$lBLL01$h1046
=CAT  \\$aIPL-CLA$c20210331$lBLL01$h1704
=CAT  \\$aBATCH-UPD$b00$c20210707$lBLL01$h1610
=CAT  \\$aIPL-CLA$c20210707$lBLL01$h1845
=CAT  \\$aBATCH-UPD$b00$c20220520$lBLL01$h1649
=CAT  \\$aIPL-CLA$c20220630$lBLL01$h1541
=CAT  \\$aBATCH-UPD$b00$c20220824$lBLL01$h0915
=CAT  \\$aIPL-CLA$c20220930$lBLL01$h1430
=CAT  \\$a12654$b40$c20230327$lBLL01$h0954
=CFI  0\$aCurrent copyright fee: GBP35.00$c24\0$e01-oct-2022$fGBP35.00$g0$hP$5Uk
=CFI  2\$aPrevious copyright fee: GBP33.60$c24\0$e01-jul-2022$fGBP33.60$g0$hP$5Uk
=FFP  \\$aY$bBLDSS-3PM
=FIN  \\$aY$d20200316
=MNI  \\$a2296-5424
=TOC  \\$aETOC
=UNO  \\$aY
=ACF  \\$aPrevious copyright fee: GBP30.38$c24\0$e08-feb-2019$fGBP30.38$g0$hP$5Uk
=ACF  \\$aPrevious copyright fee: GBP31.60$c24\0$e01-oct-2019$fGBP31.60$g0$hP$5Uk
=ACF  \\$aPrevious copyright fee: GBP30.38$c24\0$e01-apr-2020$fGBP30.38$g0$hP$5Uk
=ACF  \\$aPrevious copyright fee: GBP31.60$c24\0$e01-jul-2020$fGBP31.60$g0$hP$5Uk
=ACF  \\$aPrevious copyright fee: GBP33.60$c24\0$e01-jan-2021$fGBP33.60$g0$hP$5Uk
=ACF  \\$aPrevious copyright fee: GBP31.11$c24\0$e01-apr-2021$fGBP31.11$g0$hP$5Uk
=ACF  \\$aPrevious copyright fee: GBP30.00$c24\0$e07-jul-2021$fGBP30.00$g0$hP$5Uk
=LAS  \\$a12654$b40$c20230327$lBLL01$h0954

