=LDR  04483cas a2201021 i 4500
=001  019248064
=003  Uk
=005  20230511095757.0
=006  m\\\\\o\\d\u\\\\\\
=007  cr\unu||||||||
=008  150915c20159999gw\qr\p\o\\\\\0\\\b0ger\d
=FMT  \\$a  SE
=016  7\$a2834706-7$2DE-600
=022  \\$a2297-0045
=035  \\$a(OCoLC)921168976$z(OCoLC)1058702120$z(OCoLC)1076404005$z(OCoLC)1097019571$z(OCoLC)1102280770
=040  \\$aNLGGC$beng$cNLGGC$dOCLCQ$dAUD$dAU@$dRDF$dADU$dOCLCO$dOCLCF$dWURST$dUk$erda
=042  \\$aukblsr
=050  00$aRE
=082  04$a617.7$223
=222  \0$aKarger Kompass. Ophthalmologie$b(Internet)
=245  00$aKarger Kompass.$pOphthalmologie.
=246  1\$iMinor title change:$aKompass.$pOphthalmologie,$f2020-
=264  \1$aFreiburg :$bS. Karger GmbH,$c2015-
=336  \\$atext$2rdacontent
=337  \\$acomputer$2rdamedia
=338  \\$aonline resource$2rdacarrier
=362  0\$aVolume 1, number 1 (March 2015)-
=500  \\$aDOI: 10.1159/issn. 2297-0118 ; www.karger.com/KOP.
=506  \\$aAvailable only to authorized users.
=588  \\$aLatest issue consulted: volume 6, issue 3 (2020) (PDF, viewed November 13, 2020).
=540  \\$aCurrent copyright fee: GBP35.00$c24\0$5Uk
=650  \0$aOphthalmology$vPeriodicals.
=650  \7$aOphthalmology.$2fast$0(OCoLC)fst01046503
=653  10$aMedicine (General)
=653  10$aGeneeskunde (algemeen)
=655  \7$aPeriodicals.$2fast$0(OCoLC)fst01411641
=655  \7$aZeitschrift.$2gnd-content
=773  0\$tKarger Journals (SHEDL)$dS Karger AG
=856  \\$31850-9999$uhttp://www.karger.com/$xBLDSS
=859  \\$aXLD$bejournal$cSFX
=856  40$uhttps://resolver.ebscohost.com/Redirect/PRL?EPPackageLocationID=20081.4124722.26842083&epcustomerid=s3011414$zFull text from Karger Journals (SHEDL) at S Karger AG:
=856  40$uhttps://www.karger.com/Journal/Home/261975
=852  \\$aBritish Library$bDSC$j5085.835050$3Volume 6:Issue 1(2020)-Volume 8:Issue 4(2022)***Perpetual access from Vol 1 (2015)
=945  \\$aKarger Kompass Ophthalmologie
=959  \\$fCurrently available
=979  \\$aBritish Library$bDSC$j5085.835050
=985  \\$a3rd party access title for Remote supply please retain as base record when merging/deleting
=CAT  \\$a5552$b40$c20190208$lBLL01$h1352
=CAT  \\$aBLDSS-3PM$b00$c20190212$lBLL01$h1627
=CAT  \\$aBATCH-UPD$b00$c20190212$lBLL01$h1630
=CAT  \\$aBATCH-UPD$b00$c20190829$lBLL01$h1538
=CAT  \\$aIPL-CLA$c20190930$lBLL01$h1659
=CAT  \\$a12654$b40$c20200116$lBLL01$h0948
=CAT  \\$aBATCH-UPD$b40$c20200219$lBLL01$h1520
=CAT  \\$a10806$b40$c20200316$lBLL01$h1359
=CAT  \\$aIPL-CLA$c20200331$lBLL01$h1639
=CAT  \\$aBATCH-UPD$b00$c20200522$lBLL01$h1505
=CAT  \\$aIPL-CLA$c20200701$lBLL01$h0125
=CAT  \\$a10806$b40$c20201103$lBLL01$h1312
=CAT  \\$a8055$b40$c20201106$lBLL01$h1413
=CAT  \\$a10806$b40$c20201113$lBLL01$h1134
=CAT  \\$aBATCH-UPD$b40$c20201126$lBLL01$h1124
=CAT  \\$aIPL-CLA$c20201231$lBLL01$h1534
=CAT  \\$aBATCH-UPD$b00$c20210226$lBLL01$h1046
=CAT  \\$aIPL-CLA$c20210331$lBLL01$h1704
=CAT  \\$aBATCH-UPD$b00$c20210707$lBLL01$h1610
=CAT  \\$aIPL-CLA$c20210707$lBLL01$h1845
=CAT  \\$aBATCH-UPD$b00$c20220520$lBLL01$h1649
=CAT  \\$aIPL-CLA$c20220630$lBLL01$h1541
=CAT  \\$aBATCH-UPD$b00$c20220824$lBLL01$h0915
=CAT  \\$aIPL-CLA$c20220930$lBLL01$h1430
=CAT  \\$a12654$b40$c20230511$lBLL01$h0957
=CFI  0\$aCurrent copyright fee: GBP35.00$c24\0$e01-oct-2022$fGBP35.00$g0$hP$5Uk
=CFI  2\$aPrevious copyright fee: GBP33.60$c24\0$e01-jul-2022$fGBP33.60$g0$hP$5Uk
=FFP  \\$aY$bBLDSS-3PM
=FIN  \\$aY$d20200316
=MNI  \\$a2297-0118
=SID  \\$aZ39$bOCLC
=TOC  \\$aETOC
=UNO  \\$aY
=ACF  \\$aPrevious copyright fee: GBP30.38$c24\0$e08-feb-2019$fGBP30.38$g0$hP$5Uk
=ACF  \\$aPrevious copyright fee: GBP31.60$c24\0$e01-oct-2019$fGBP31.60$g0$hP$5Uk
=ACF  \\$aPrevious copyright fee: GBP30.38$c24\0$e01-apr-2020$fGBP30.38$g0$hP$5Uk
=ACF  \\$aPrevious copyright fee: GBP31.60$c24\0$e01-jul-2020$fGBP31.60$g0$hP$5Uk
=ACF  \\$aPrevious copyright fee: GBP33.60$c24\0$e01-jan-2021$fGBP33.60$g0$hP$5Uk
=ACF  \\$aPrevious copyright fee: GBP31.11$c24\0$e01-apr-2021$fGBP31.11$g0$hP$5Uk
=ACF  \\$aPrevious copyright fee: GBP30.00$c24\0$e07-jul-2021$fGBP30.00$g0$hP$5Uk
=LAS  \\$a12654$b40$c20230511$lBLL01$h0957

