=LDR  04275cas a22010213i 4500
=001  019593012
=003  Uk
=005  20230511085015.0
=006  m\\\\\o\\d\\\\\\\\
=007  cr\|||||||||||
=008  191127c20199999sz\tr\p\o\\\\\0\\\b0spa\d
=FMT  \\$a  SE
=022  \\$a2624-9073
=035  \\$a(OCoLC)1129051247
=040  \\$aHUA$beng$cHUA$dHUA$dOCLCF$dUk$erda
=082  04$a616.24005$223
=222  \0$aKarger Kompass. Neumologi?a$b(Internet)
=245  00$aKarger Kompass neumologi?a.
=246  1\$aKarger Kompass neumol
=246  1\$aNeumologi?a
=246  1\$iMinor title change:$aKompass neumologi?a,$f2020-
=264  \1$aBasel :$bKarger AG,$c2019-
=300  \\$a1 online resource (volumes)
=310  \\$aThree times a year
=336  \\$atext$btxt$2rdacontent
=337  \\$acomputer$bc$2rdamedia
=338  \\$aonline resource$bcr$2rdacarrier
=362  0\$aBegan with Vol. 1, no. 1 (September 2019)
=588  \\$aDescription based on: Vol. 1, no. 1 (September 2019); title from journal home page (November 28, 2019).
=588  \\$aLatest issue consulted: Vol. 1, no. 1 (September 2019).
=540  \\$aCurrent copyright fee: GBP35.00$c24\0$5Uk
=650  \0$aLungs$xDiseases$vPeriodicals.
=650  \0$aRespiratory organs$xDiseases$vPeriodicals.
=650  \0$aChest$xDiseases$vPeriodicals.
=650  \7$aChest$xDiseases.$2fast$0(OCoLC)fst00853831
=650  \7$aLungs$xDiseases.$2fast$0(OCoLC)fst01003777
=650  \7$aRespiratory organs$xDiseases.$2fast$0(OCoLC)fst01095766
=655  \7$aPeriodicals.$2fast$0(OCoLC)fst01411641
=776  08$iPrint version:$tKarger Kompass neumologi?a$x2624-9065
=856  \\$31850-9999$uhttp://www.karger.com/$xBLDSS
=859  \\$aXLD$bejournal$cSFX
=856  40$uhttps://www.karger.com/Journal/Home/278372
=852  \\$aBritish Library$bDSC$j5085.835020$3Volume 2:Issue 1(2020)-Volume 5:Issue 1(2023)***Perpetual access from Vol 1 (2019)
=945  \\$aKarger Kompass Neumologia
=959  \\$fCurrently available
=979  \\$aBritish Library$bDSC$j5085.835020
=CAT  \\$a5552$b40$c20191101$lBLL01$h1152
=CAT  \\$aBLDSS-3PM$b00$c20191107$lBLL01$h0908
=CAT  \\$aBATCH-UPD$b00$c20191107$lBLL01$h0911
=CAT  \\$a5410$b40$c20191120$lBLL01$h0912
=CAT  \\$a5410$b40$c20191120$lBLL01$h0914
=CAT  \\$a12654$b40$c20200116$lBLL01$h0930
=CAT  \\$aBATCH-UPD$b40$c20200219$lBLL01$h1520
=CAT  \\$aIPL-CLA$c20200331$lBLL01$h1639
=CAT  \\$aBATCH-UPD$b00$c20200522$lBLL01$h1505
=CAT  \\$aIPL-CLA$c20200701$lBLL01$h0125
=CAT  \\$a10806$b40$c20201103$lBLL01$h1311
=CAT  \\$a10806$b40$c20201105$lBLL01$h1014
=CAT  \\$a10806$b40$c20201105$lBLL01$h1016
=CAT  \\$a10806$b40$c20201105$lBLL01$h1023
=CAT  \\$a10806$b40$c20201105$lBLL01$h1024
=CAT  \\$a8055$b40$c20201106$lBLL01$h1411
=CAT  \\$aBATCH-UPD$b40$c20201126$lBLL01$h1124
=CAT  \\$aIPL-CLA$c20201231$lBLL01$h1534
=CAT  \\$aBATCH-UPD$b00$c20210226$lBLL01$h1046
=CAT  \\$aIPL-CLA$c20210331$lBLL01$h1704
=CAT  \\$aBATCH-UPD$b00$c20210707$lBLL01$h1610
=CAT  \\$aIPL-CLA$c20210707$lBLL01$h1845
=CAT  \\$aBATCH-UPD$b00$c20220520$lBLL01$h1649
=CAT  \\$aIPL-CLA$c20220630$lBLL01$h1541
=CAT  \\$aBATCH-UPD$b00$c20220824$lBLL01$h0915
=CAT  \\$aIPL-CLA$c20220930$lBLL01$h1430
=CAT  \\$a12654$b40$c20230511$lBLL01$h0850
=CFI  0\$aCurrent copyright fee: GBP35.00$c24\0$e01-oct-2022$fGBP35.00$g0$hP$5Uk
=CFI  2\$aPrevious copyright fee: GBP33.60$c24\0$e01-jul-2022$fGBP33.60$g0$hP$5Uk
=FFP  \\$aY$bBLDSS-3PM
=FIN  \\$aY$d20201105
=MNI  \\$a2624-9065
=SID  \\$aZ39$bOCLC
=TOC  \\$aETOC
=UNO  \\$aY
=ACF  \\$aPrevious copyright fee: GBP31.60$c24\0$e01-nov-2019$fGBP31.60$g0$hP$5Uk
=ACF  \\$aPrevious copyright fee: GBP30.38$c24\0$e01-apr-2020$fGBP30.38$g0$hP$5Uk
=ACF  \\$aPrevious copyright fee: GBP31.60$c24\0$e01-jul-2020$fGBP31.60$g0$hP$5Uk
=ACF  \\$aPrevious copyright fee: GBP33.60$c24\0$e01-jan-2021$fGBP33.60$g0$hP$5Uk
=ACF  \\$aPrevious copyright fee: GBP31.11$c24\0$e01-apr-2021$fGBP31.11$g0$hP$5Uk
=ACF  \\$aPrevious copyright fee: GBP30.00$c24\0$e07-jul-2021$fGBP30.00$g0$hP$5Uk
=LAS  \\$a12654$b40$c20230511$lBLL01$h0850

