=LDR  04797cas a2201129 a 4500
=001  015738112
=003  Uk
=005  20230426111022.0
=006  m\\\\\\\\d\\\\\\\\
=007  cr||||||||||||
=008  021210d19852013inuqr\pss\o\\\0\\\a0eng\c
=FMT  \\$a  SE
=010  \\$a  2008212585
=022  0\$a1938-2340$l0882-228X$21
=030  \\$aMHISE9
=035  \\$a(OCoLC)223368813
=040  \\$aAU@$beng$cAU@$dNSDP$dDLC$dNBuU$dHkUST$dMiU$dCaQMU$dOCoLC$dUk
=042  \\$ansdp$aukblsr
=043  \\$an-us---
=050  00$aE175.8$b.M34
=082  04$a973.0712$222
=130  0\$aMagazine of history (Bloomington, Ind. : Online)
=222  \0$aMagazine of history$b(Bloomington, Ind. : Online)
=245  10$aMagazine of history$h[electronic resource].
=246  13$aOrganization of American Historians magazine of history
=246  17$aOAH magazine of history$f<1991>
=260  \\$aBloomington, IN :$bOrganization of American Historians,$c1985-2013.
=260  3\$32011-$aOxford :$bOxford University Press
=310  \\$aQuarterly,$b2007-
=321  \\$aQuarterly,$b1985-2003
=321  \\$aFrequency varies,$b2004-2006
=336  \\$atext$2rdacontent
=337  \\$acomputer$2rdamedia
=338  \\$aonline resource$2rdacarrier
=362  0\$aVol. 1, no. 1 (Apr. 1985)-volume 27, number 4 (October 2013).
=500  \\$aTitle from cover (JSTOR, viewed July 10, 2009).
=500  \\$aLatest issue consulted: Volume 27, number 4 (October 2013). (OAH Publications, viewed November 23, 2016).
=521  8\$a"For junior and senior high school teachers" (varies slightly).
=538  \\$aMode of access: World Wide Web.
=555  \\$aVols. 1 (Apr. 1985)-9 (summer 1995), in v. 10, no. 1 (fall 1995).
=540  \\$aCurrent Copyright Fee: GBP42.00$c29\0$5Uk
=650  \0$aHistory$xStudy and teaching (Secondary)$zUnited States$vPeriodicals.
=651  \0$aUnited States$xHistory$xStudy and teaching (Secondary)$vPeriodicals.
=710  2\$aOrganization of American Historians.
=776  08$iAlso issued in print:$tMagazine of history (Bloomington, Ind.)$x0882-228X
=859  \\$aXLD$bejournal$cSFX
=856  \\$31850-9999$uhttp://ukcatalogue.oup.com/$xBLDSS
=856  4\$uhttp://www.bellhowell.infolearning.com/proquest
=856  40$uhttp://maghis.oxfordjournals.org/content/by/year
=856  40$uhttp://www.jstor.org/journals/0882228X.html
=856  40$uhttp://www.oah.org/pubs/magazine
=852  41$aBritish Library$bDSC$j5333.250000$3Volume 25:Issue 1(2011)-Volume 27:Issue 4(2013)***See ESTAR for full holdings.
=945  \\$aMagazine of history
=959  \\$fCurrently available
=979  \\$aBritish Library$bDSC$j5333.250000
=CAT  \\$a12654$b40$c20110125$lBLL01$h1053
=CAT  \\$a12654$b40$c20110125$lBLL01$h1054
=CAT  \\$a11316$b40$c20110329$lBLL01$h1002
=CAT  \\$aBATCH-UPD$b40$c20120421$lBLL01$h0528
=CAT  \\$aBATCH-UPD$b40$c20120426$lBLL01$h1410
=CAT  \\$aBATCH-UPD$b40$c20121212$lBLL01$h1939
=CAT  \\$aIPL-CLA$c20121231$lBLL01$h1330
=CAT  \\$aIPL-CLA$c20130102$lBLL01$h1805
=CAT  \\$a5552$b40$c20131029$lBLL01$h1036
=CAT  \\$aIPL-CLA$c20140101$lBLL01$h0141
=CAT  \\$aBLDSS-3PM$b00$c20141208$lBLL01$h1627
=CAT  \\$a8055$b40$c20150318$lBLL01$h1150
=CAT  \\$aBATCH-UPD$b40$c20151119$lBLL01$h1554
=CAT  \\$aIPL-CLA$c20151231$lBLL01$h1933
=CAT  \\$aBATCH-UPD$b00$c20160524$lBLL01$h2214
=CAT  \\$aBATCH-UPD$b00$c20160525$lBLL01$h0051
=CAT  \\$a8124$b40$c20161123$lBLL01$h1520
=CAT  \\$a5552$b40$c20190111$lBLL01$h1238
=CAT  \\$aBATCH-UPD$b40$c20220308$lBLL01$h1740
=CAT  \\$aIPL-CLA$c20220331$lBLL01$h1952
=CAT  \\$a12654$b40$c20230228$lBLL01$h1211
=CAT  \\$aS2302-1302$c20230322$lBLL01$h1708
=CAT  \\$aS2302-1302$c20230323$lBLL01$h1443
=CAT  \\$aIPL-CLA$c20230331$lBLL01$h1547
=CAT  \\$aS2304-0519$c20230412$lBLL01$h1140
=CAT  \\$aBATCH-SUPP$c20230426$lBLL01$h1110
=CFI  0\$aCurrent Copyright Fee: GBP42.00$c29\0$e01-apr-2023$fGBP42.00$g0$hP$5Uk
=CFI  2\$aPrevious copyright fee: GBP9.00$c29\0$e01-apr-2022$fGBP9.00$g0$hP$5Uk
=EST  \\$a1
=FFP  \\$aY$bBLDSS-3PM
=FIN  \\$aY$d20110329
=MNI  \\$a0882-228X
=SRC  \\$aBLL02
=TCO  \\$aTRS$bCCC$c008
=TOC  \\$aETOC
=UNO  \\$aY
=ACF  \\$aPrevious copyright fee: GBP18.00$c29\0$e25-jan-2011$fGBP18.00$g0$hP$5Uk
=ACF  \\$aPrevious copyright fee: GBP20.00$c29\0$e01-jan-2013$fGBP20.00$g0$hP$5Uk
=ACF  \\$aPrevious copyright fee: GBP7.00$c29\0$e01-jan-2016$fGBP7.00$g0$hP$5Uk
=ACF  \\$aPrevious Copyright Fee: GBP6.00$c29\0$e01-jan-2014$fGBP6.00$g0$hP$5Uk
=ACF  \\$aPrevious copyright fee: GBP8.00$c29\0$e11-jan-2019$fGBP8.00$g0$hP$5Uk
=LAS  \\$aBATCH-SUPP$b00$c20230426$lBLL01$h1110

