=LDR  03944cas a2200937 i 4500
=001  014462452
=003  Uk
=005  20230426110931.0
=006  m\\\\\\\\d\\\\\\\\
=007  cr\|||||||||||
=008  071203c20079999ne\ar\p\s\\\\\0\\\a0eng\\
=FMT  \\$a  SE
=022  0\$a1876-4460
=040  \\$aUk$beng$cUk$erda
=042  \\$aukblsr
=082  04$a616.344$223
=222  \0$aJournal of Crohn's and colitis supplements$b(Online)
=245  00$aJournal of Crohn's and colitis supplements.
=264  \1$a[Amsterdam] :$bElsevier B.V.,$c2007-
=310  \\$aAnnual
=336  \\$atext$2rdacontent
=337  \\$acomputer$2rdamedia
=338  \\$aonline resource$2rdacarrier
=362  0\$aVolume 1, issue 1 (March 2007)-
=500  \\$aTitle from journal home page (publisher's Web site, viewed November 18, 2013).
=530  \\$aIssued also in print.
=588  \\$aLatest issue consulted: volume 4, issue 1 (April 2010).
=540  \\$aCurrent copyright fee: GBP32.00$c29\0$5Uk
=650  \0$aInflammatory bowel diseases$vPeriodicals.
=710  2\$aEuropean Crohn's and Colitis Organisation.
=772  0\$tJournal of Crohn's and colitis$x1876-4479
=856  \\$31850-9999$uhttp://www.elsevier.com/journals$xBLDSS
=856  40$uhttp://www.journals.elsevier.com/journal-of-crohns-and-colitis-supplements
=859  \\$aXLD$bejournal$cSFX
=852  41$aBritish Library$bDSC$j4965.651550$3Volume 1:Issue 1(2007)-Volume 4:Issue 1(2010)***See ESTAR for full holdings.
=945  \\$aJournal of Crohns and colitis -supplements-
=959  \\$fCurrently available
=CAT  \\$a7174$b40$c20071203$lBLL01$h1422
=CAT  \\$aIPL-CLA$c20121231$lBLL01$h1324
=CAT  \\$aIPL-CLA$c20130102$lBLL01$h1754
=CAT  \\$a11205$b40$c20131118$lBLL01$h1159
=CAT  \\$a11205$b40$c20131118$lBLL01$h1200
=CAT  \\$a11205$b40$c20131118$lBLL01$h1224
=CAT  \\$a5552$b40$c20141030$lBLL01$h0927
=CAT  \\$aBLDSS-3PM$b00$c20141222$lBLL01$h1717
=CAT  \\$aIPL-CLA$c20141231$lBLL01$h1658
=CAT  \\$aBATCH-UPD$b00$c20151119$lBLL01$h1552
=CAT  \\$aIPL-CLA$c20151231$lBLL01$h1928
=CAT  \\$aBATCH-UPD$b00$c20160524$lBLL01$h2212
=CAT  \\$aBATCH-UPD$b00$c20160525$lBLL01$h0032
=CAT  \\$aBATCH-UPD$b00$c20161122$lBLL01$h1521
=CAT  \\$aIPL-CLA$c20161230$lBLL01$h2257
=CAT  \\$aBATCH-UPD$b00$c20171121$lBLL01$h1704
=CAT  \\$aIPL-CLA$c20171231$lBLL01$h1729
=CAT  \\$aBATCH-UPD$b00$c20181217$lBLL01$h1652
=CAT  \\$aIPL-CLA$c20181231$lBLL01$h1547
=CAT  \\$a12654$b40$c20200113$lBLL01$h1103
=CAT  \\$a12654$b40$c20200113$lBLL01$h1106
=CAT  \\$aBATCH-UPD$b40$c20220308$lBLL01$h1728
=CAT  \\$aIPL-CLA$c20220331$lBLL01$h1952
=CAT  \\$a12654$b40$c20230222$lBLL01$h1045
=CAT  \\$aS2302-1302$c20230322$lBLL01$h1707
=CAT  \\$aBATCH-SUPP$c20230426$lBLL01$h1109
=CFI  0\$aCurrent copyright fee: GBP32.00$c29\0$e01-apr-2022$fGBP32.00$g0$hP$5Uk
=CFI  2\$aPrevious copyright fee: GBP29.00$c29\0$e13-jan-2020$fGBP29.00$g0$hP$5Uk
=EST  \\$a1
=FFP  \\$aY$bBLDSS-3PM
=FIN  \\$aY$d20131118
=MNI  \\$a1873-9954
=TCO  \\$aCLA$bCLA$c008
=TOC  \\$aETOC
=UNO  \\$aY
=ACF  \\$aPrevious Copyright Fee: GBP18.00$c5\1$e03-dec-2007$fGBP18.00$g0$hP$5Uk
=ACF  \\$aPrevious Copyright Fee: GBP21.00$c5\1$e24-nov-2011$fGBP21.00$g0$hP$5Uk
=ACF  \\$aPrevious copyright fee: GBP22.50$c5\1$e01-jan-2013$fGBP22.50$g0$hP$5Uk
=ACF  \\$aPrevious copyright fee: GBP23.00$c29\0$e01-jan-2015$fGBP23.00$g0$hP$5Uk
=ACF  \\$aPrevious copyright fee: GBP24.00$c29\0$e01-jan-2016$fGBP24.00$g0$hP$5Uk
=ACF  \\$aPrevious copyright fee: GBP26.00$c29\0$e01-jan-2017$fGBP26.00$g0$hP$5Uk
=ACF  \\$aPrevious copyright fee: GBP28.00$c29\0$e01-jan-2019$fGBP28.00$g0$hP$5Uk
=ACF  \\$aPrevious copyright fee: GBP27.00$c29\0$e01-jan-2018$fGBP27.00$g0$hP$5Uk
=LAS  \\$aBATCH-SUPP$b00$c20230426$lBLL01$h1109